%%
%% Author: samuelblattner
%% 09.10.18
%%

